@misc{Linux.die,
    title = {Linux Manual Page},
    howpublished = {Website: \url{http://linux.die.net/man/2/gettimeofday}},
    year =   {2016}
},

@misc{OpenCV,
    title = {OpenCV Documentation},
    howpublished = {Website: \url{http://opencv.org/about.html}},
    year =   {2016}
},

@misc{GoodWay,
    title = {OpenCV Documentation},
    howpublished = {Website: \url{http://docs.opencv.org/2.4/doc/tutorials/core/how_to_scan_images/how_to_scan_images.html}},
    year =   {2016}
}